% DEEP LEARNING----------------------------------------------------------------------------------------------------------------

%ML
@book{bishop2006pattern,
  title={Pattern recognition and machine learning},
  author={Bishop, Christopher M},
  year={2006},
  publisher={springer}
}

% ADAM
@article{kingma2014adam,
  title={Adam: A method for stochastic optimization},
  author={Kingma, Diederik P and Ba, Jimmy},
  journal={arXiv preprint arXiv:1412.6980},
  year={2014}
}

% DEEP LEARNING
@book{goodfellow2016deep,
  title={Deep learning},
  author={Goodfellow, Ian and Bengio, Yoshua and Courville, Aaron and Bengio, Yoshua},
  volume={1},
  year={2016},
  publisher={MIT press Cambridge}
}

% RNN training
@article{werbos1990backpropagation,
  title={Backpropagation through time: what it does and how to do it},
  author={Werbos, Paul J},
  journal={Proceedings of the IEEE},
  volume={78},
  number={10},
  pages={1550--1560},
  year={1990},
  publisher={IEEE}
}

% LSTM
@article{hochreiter1997long,
  title={Long short-term memory},
  author={Hochreiter, Sepp and Schmidhuber, J{\"u}rgen},
  journal={Neural computation},
  volume={9},
  number={8},
  pages={1735--1780},
  year={1997},
  publisher={MIT Press}
}

% GAN
@inproceedings{goodfellow2014generative,
  title={Generative adversarial nets},
  author={Goodfellow, Ian and Pouget-Abadie, Jean and Mirza, Mehdi and Xu, Bing and Warde-Farley, David and Ozair, Sherjil and Courville, Aaron and Bengio, Yoshua},
  booktitle={Advances in neural information processing systems},
  pages={2672--2680},
  year={2014}
}

% VAE
@article{kingma2013auto,
  title={Auto-encoding variational bayes},
  author={Kingma, Diederik P and Welling, Max},
  journal={arXiv preprint arXiv:1312.6114},
  year={2013}
}

% GENERAL REFERENCES FOR REINFORCEMENT LEARNING-------------------------------------------------------------

% ...
@article{ivanov2019modern,
  title={Modern Deep Reinforcement Learning Algorithms},
  author={Ivanov, Sergey and D'yakonov, Alexander},
  journal={arXiv preprint arXiv:1906.10025},
  year={2019}
}

% Survey of classic theory
@book{sutton2018reinforcement,
  title={Reinforcement learning: An introduction},
  author={Sutton, Richard S and Barto, Andrew G},
  year={2018},
  publisher={MIT press}
}

% AlphaStar
@article{vinyals2019grandmaster,
  title={Grandmaster level in StarCraft II using multi-agent reinforcement learning},
  author={Vinyals, Oriol and Babuschkin, Igor and Czarnecki, Wojciech M and Mathieu, Micha{\"e}l and Dudzik, Andrew and Chung, Junyoung and Choi, David H and Powell, Richard and Ewalds, Timo and Georgiev, Petko and others},
  journal={Nature},
  volume={575},
  number={7782},
  pages={350--354},
  year={2019},
  publisher={Nature Publishing Group}
}

% Dota 2
@article{berner2019dota,
  title={Dota 2 with Large Scale Deep Reinforcement Learning},
  author={Berner, Christopher and Brockman, Greg and Chan, Brooke and Cheung, Vicki and D{\k{e}}biak, Przemys{\l}aw and Dennison, Christy and Farhi, David and Fischer, Quirin and Hashme, Shariq and Hesse, Chris and others},
  journal={arXiv preprint arXiv:1912.06680},
  year={2019}
}

% AlphaZero
@article{silver2017mastering,
  title={Mastering chess and shogi by self-play with a general reinforcement learning algorithm},
  author={Silver, David and Hubert, Thomas and Schrittwieser, Julian and Antonoglou, Ioannis and Lai, Matthew and Guez, Arthur and Lanctot, Marc and Sifre, Laurent and Kumaran, Dharshan and Graepel, Thore and others},
  journal={arXiv preprint arXiv:1712.01815},
  year={2017}
}

% RL does not work
@article{irpan2018deep,
  title={Deep reinforcement learning doesn’t work yet},
  author={Irpan, Alex},
  journal={Online (Feb. 14): https://www. alexirpan. com/2018/02/14/rl-hard. html},
  year={2018}
}

% RL has issues with reproducibility
@inproceedings{henderson2018deep,
  title={Deep reinforcement learning that matters},
  author={Henderson, Peter and Islam, Riashat and Bachman, Philip and Pineau, Joelle and Precup, Doina and Meger, David},
  booktitle={Thirty-Second AAAI Conference on Artificial Intelligence},
  year={2018}
}

% ANCIENT PAPERS-------------------------------------------------------------------------------

% Stochasic Approximation
@article{robbins1951stochastic,
  title={A stochastic approximation method},
  author={Robbins, Herbert and Monro, Sutton},
  journal={The annals of mathematical statistics},
  pages={400--407},
  year={1951},
  publisher={JSTOR}
}

% Q-learning
@article{watkins1989learning,
  title={Learning from delayed rewards},
  author={Watkins, Christopher John Cornish Hellaby},
  year={1989},
  publisher={King's College, Cambridge}
}

% Q-learning
@article{watkins1992q,
  title={Q-learning},
  author={Watkins, Christopher JCH and Dayan, Peter},
  journal={Machine learning},
  volume={8},
  number={3-4},
  pages={279--292},
  year={1992},
  publisher={Springer}
}

% Q-learning is stochastic approximation!
@article{tsitsiklis1994asynchronous,
  title={Asynchronous stochastic approximation and Q-learning},
  author={Tsitsiklis, John N},
  journal={Machine learning},
  volume={16},
  number={3},
  pages={185--202},
  year={1994},
  publisher={Springer}
}

% RPI
@inproceedings{kakade2002approximately,
  title={Approximately optimal approximate reinforcement learning},
  author={Kakade, Sham and Langford, John},
  booktitle={ICML},
  volume={2},
  pages={267--274},
  year={2002}
}


% META-HEURISTICS---------------------------------------------------------------------------

% NEAT
@article{stanley2002evolving,
  title={Evolving neural networks through augmenting topologies},
  author={Stanley, Kenneth O and Miikkulainen, Risto},
  journal={Evolutionary computation},
  volume={10},
  number={2},
  pages={99--127},
  year={2002},
  publisher={MIT Press}
}

% WANN
@inproceedings{gaier2019weight,
  title={Weight agnostic neural networks},
  author={Gaier, Adam and Ha, David},
  booktitle={Advances in Neural Information Processing Systems},
  pages={5364--5378},
  year={2019}
}

% CEM Optimization
@incollection{botev2013cross,
  title={The cross-entropy method for optimization},
  author={Botev, Zdravko I and Kroese, Dirk P and Rubinstein, Reuven Y and L’Ecuyer, Pierre},
  booktitle={Handbook of statistics},
  volume={31},
  pages={35--59},
  year={2013},
  publisher={Elsevier}
}

% CEM Tetris
@article{szita2006learning,
  title={Learning Tetris using the noisy cross-entropy method},
  author={Szita, Istv{\'a}n and L{\"o}rincz, Andr{\'a}s},
  journal={Neural computation},
  volume={18},
  number={12},
  pages={2936--2941},
  year={2006},
  publisher={MIT Press}
}

% Evolution for Atari
@article{salimans2017evolution,
  title={Evolution strategies as a scalable alternative to reinforcement learning},
  author={Salimans, Tim and Ho, Jonathan and Chen, Xi and Sidor, Szymon and Sutskever, Ilya},
  journal={arXiv preprint arXiv:1703.03864},
  year={2017}
}

% ARS
@article{mania2018simple,
  title={Simple random search provides a competitive approach to reinforcement learning},
  author={Mania, Horia and Guy, Aurelia and Recht, Benjamin},
  journal={arXiv preprint arXiv:1803.07055},
  year={2018}
}

% CMA-ES originals (?)
@inproceedings{hansen1996adapting,
  title={Adapting arbitrary normal mutation distributions in evolution strategies: The covariance matrix adaptation},
  author={Hansen, Nikolaus and Ostermeier, Andreas},
  booktitle={Proceedings of IEEE international conference on evolutionary computation},
  pages={312--317},
  year={1996},
  organization={IEEE}
}

% CMA-ES is NES, proof 1
@inproceedings{akimoto2010bidirectional,
  title={Bidirectional relation between CMA evolution strategies and natural evolution strategies},
  author={Akimoto, Youhei and Nagata, Yuichi and Ono, Isao and Kobayashi, Shigenobu},
  booktitle={International Conference on Parallel Problem Solving from Nature},
  pages={154--163},
  year={2010},
  organization={Springer}
}

% CMA-ES is NES, proof 2
@inproceedings{glasmachers2010exponential,
  title={Exponential natural evolution strategies},
  author={Glasmachers, Tobias and Schaul, Tom and Yi, Sun and Wierstra, Daan and Schmidhuber, J{\"u}rgen},
  booktitle={Proceedings of the 12th annual conference on Genetic and evolutionary computation},
  pages={393--400},
  year={2010}
}

% CMA-ES Tutorial
@article{hansen2016cma,
  title={The CMA evolution strategy: A tutorial},
  author={Hansen, Nikolaus},
  journal={arXiv preprint arXiv:1604.00772},
  year={2016}
}

% Book about metaheuristics
@book{luke2013essentials,
  title={Essentials of metaheuristics},
  author={Luke, Sean},
  volume={2},
  year={2013},
  publisher={Lulu Raleigh}
}

% Lil'log blogpost
@article{weng2019ES,
  title   = "Evolution Strategies",
  author  = "Weng, Lilian",
  journal = "lilianweng.github.io/lil-log",
  year    = "2019",
  url     = "https://lilianweng.github.io/lil-log/2019/09/05/evolution-strategies.html"
}

% DQN---------------------------------------------------------------------------

% DQN
@article{mnih2013playing,
  title={Playing atari with deep reinforcement learning},
  author={Mnih, Volodymyr and Kavukcuoglu, Koray and Silver, David and Graves, Alex and Antonoglou, Ioannis and Wierstra, Daan and Riedmiller, Martin},
  journal={arXiv preprint arXiv:1312.5602},
  year={2013}
}

% Double Q-learning
@inproceedings{hasselt2010double,
  title={Double Q-learning},
  author={Hasselt, Hado V},
  booktitle={Advances in neural information processing systems},
  pages={2613--2621},
  year={2010}
}

% Double DQN
@inproceedings{van2016deep,
  title={Deep reinforcement learning with double q-learning},
  author={Van Hasselt, Hado and Guez, Arthur and Silver, David},
  booktitle={Thirtieth AAAI Conference on Artificial Intelligence},
  year={2016}
}

% Dueling DQN
@article{wang2015dueling,
  title={Dueling network architectures for deep reinforcement learning},
  author={Wang, Ziyu and Schaul, Tom and Hessel, Matteo and Van Hasselt, Hado and Lanctot, Marc and De Freitas, Nando},
  journal={arXiv preprint arXiv:1511.06581},
  year={2015}
}

% Noisy DQN
@article{fortunato2017noisy,
  title={Noisy networks for exploration},
  author={Fortunato, Meire and Azar, Mohammad Gheshlaghi and Piot, Bilal and Menick, Jacob and Osband, Ian and Graves, Alex and Mnih, Vlad and Munos, Remi and Hassabis, Demis and Pietquin, Olivier and others},
  journal={arXiv preprint arXiv:1706.10295},
  year={2017}
}

% Prioritized Replay
@article{schaul2015prioritized,
  title={Prioritized experience replay},
  author={Schaul, Tom and Quan, John and Antonoglou, Ioannis and Silver, David},
  journal={arXiv preprint arXiv:1511.05952},
  year={2015}
}

% Retrace
@article{munos2016safe,
  title={Safe and efficient off-policy reinforcement learning},
  author={Munos, R{\'e}mi and Stepleton, Tom and Harutyunyan, Anna and Bellemare, Marc G},
  journal={arXiv preprint arXiv:1606.02647},
  year={2016}
}

% DRQN
@article{hausknecht2015deep,
  title={Deep recurrent q-learning for partially observable mdps},
  author={Hausknecht, Matthew and Stone, Peter},
  journal={arXiv preprint arXiv:1507.06527},
  year={2015}
}

% R2D2
@article{horgan2018distributed,
  title={Distributed prioritized experience replay},
  author={Horgan, Dan and Quan, John and Budden, David and Barth-Maron, Gabriel and Hessel, Matteo and Van Hasselt, Hado and Silver, David},
  journal={arXiv preprint arXiv:1803.00933},
  year={2018}
}

% DISTRIBUTIONAL RL---------------------------------------------------------------------------

% Categorical DQN and introduction of Distributional RL (c51)
@inproceedings{bellemare2017distributional,
  title={A distributional perspective on reinforcement learning},
  author={Bellemare, Marc G and Dabney, Will and Munos, R{\'e}mi},
  booktitle={Proceedings of the 34th International Conference on Machine Learning-Volume 70},
  pages={449--458},
  year={2017},
  organization={JMLR. org}
}

% QR-DQN
@inproceedings{dabney2018distributional,
  title={Distributional reinforcement learning with quantile regression},
  author={Dabney, Will and Rowland, Mark and Bellemare, Marc G and Munos, R{\'e}mi},
  booktitle={Thirty-Second AAAI Conference on Artificial Intelligence},
  year={2018}
}

% IQN
@article{dabney2018implicit,
  title={Implicit quantile networks for distributional reinforcement learning},
  author={Dabney, Will and Ostrovski, Georg and Silver, David and Munos, R{\'e}mi},
  journal={arXiv preprint arXiv:1806.06923},
  year={2018}
}

% Distributional and expected are equivalent in tabular case
@inproceedings{lyle2019comparative,
  title={A comparative analysis of expected and distributional reinforcement learning},
  author={Lyle, Clare and Bellemare, Marc G and Castro, Pablo Samuel},
  booktitle={Proceedings of the AAAI Conference on Artificial Intelligence},
  volume={33},
  pages={4504--4511},
  year={2019}
}

% Rainbow
@inproceedings{hessel2018rainbow,
  title={Rainbow: Combining improvements in deep reinforcement learning},
  author={Hessel, Matteo and Modayil, Joseph and Van Hasselt, Hado and Schaul, Tom and Ostrovski, Georg and Dabney, Will and Horgan, Dan and Piot, Bilal and Azar, Mohammad and Silver, David},
  booktitle={Thirty-Second AAAI Conference on Artificial Intelligence},
  year={2018}
}

% Reference for quantile regression
@article{koenker1978regression,
  title={Regression quantiles},
  author={Koenker, Roger and Bassett Jr, Gilbert},
  journal={Econometrica: journal of the Econometric Society},
  pages={33--50},
  year={1978},
  publisher={JSTOR}
}

% POLICY GRADIENT------------------------------------------------------------------------------------------

% REINFORCE
@article{williams1992simple,
  title={Simple statistical gradient-following algorithms for connectionist reinforcement learning},
  author={Williams, Ronald J},
  journal={Machine learning},
  volume={8},
  number={3-4},
  pages={229--256},
  year={1992},
  publisher={Springer}
}

% A2C idea (?)
@inproceedings{sutton2000policy,
  title={Policy gradient methods for reinforcement learning with function approximation},
  author={Sutton, Richard S and McAllester, David A and Singh, Satinder P and Mansour, Yishay},
  booktitle={Advances in neural information processing systems},
  pages={1057--1063},
  year={2000}
}

% A3C
@inproceedings{mnih2016asynchronous,
  title={Asynchronous methods for deep reinforcement learning},
  author={Mnih, Volodymyr and Badia, Adria Puigdomenech and Mirza, Mehdi and Graves, Alex and Lillicrap, Timothy and Harley, Tim and Silver, David and Kavukcuoglu, Koray},
  booktitle={International conference on machine learning},
  pages={1928--1937},
  year={2016}
}

% GAE
@article{schulman2015high,
  title={High-dimensional continuous control using generalized advantage estimation},
  author={Schulman, John and Moritz, Philipp and Levine, Sergey and Jordan, Michael and Abbeel, Pieter},
  journal={arXiv preprint arXiv:1506.02438},
  year={2015}
}

% TRPO
@inproceedings{schulman2015trust,
  title={Trust Region Policy Optimization.},
  author={Schulman, John and Levine, Sergey and Abbeel, Pieter and Jordan, Michael I and Moritz, Philipp},
  booktitle={Icml},
  volume={37},
  pages={1889--1897},
  year={2015}
}

% PPO
@article{schulman2017proximal,
  title={Proximal policy optimization algorithms},
  author={Schulman, John and Wolski, Filip and Dhariwal, Prafulla and Radford, Alec and Klimov, Oleg},
  journal={arXiv preprint arXiv:1707.06347},
  year={2017}
}

% PPO heuristics
@inproceedings{engstrom2019implementation,
  title={Implementation Matters in Deep RL: A Case Study on PPO and TRPO},
  author={Engstrom, Logan and Ilyas, Andrew and Santurkar, Shibani and Tsipras, Dimitris and Janoos, Firdaus and Rudolph, Larry and Madry, Aleksander},
  booktitle={International Conference on Learning Representations},
  year={2019}
}

% Proof we can use E_s instead of max_s in KL regularization in TRPO 
@inproceedings{achiam2017constrained,
  title={Constrained policy optimization},
  author={Achiam, Joshua and Held, David and Tamar, Aviv and Abbeel, Pieter},
  booktitle={International Conference on Machine Learning},
  pages={22--31},
  year={2017},
  organization={PMLR}
}

% ACKTR
@inproceedings{wu2017scalable,
  title={Scalable trust-region method for deep reinforcement learning using kronecker-factored approximation},
  author={Wu, Yuhuai and Mansimov, Elman and Grosse, Roger B and Liao, Shun and Ba, Jimmy},
  booktitle={Advances in neural information processing systems},
  pages={5279--5288},
  year={2017}
}

% Lil'blog overview of PG
@article{weng2018PG,
  title   = "Policy Gradient Algorithms",
  author  = "Weng, Lilian",
  journal = "lilianweng.github.io/lil-log",
  year    = "2018",
  url     = "https://lilianweng.github.io/lil-log/2018/04/08/policy-gradient-algorithms.html"
}

% CONTINUOUS CONTROL---------------------------------------------------------------------------

% DDPG
@article{lillicrap2015continuous,
  title={Continuous control with deep reinforcement learning},
  author={Lillicrap, Timothy P and Hunt, Jonathan J and Pritzel, Alexander and Heess, Nicolas and Erez, Tom and Tassa, Yuval and Silver, David and Wierstra, Daan},
  journal={arXiv preprint arXiv:1509.02971},
  year={2015}
}

% Policy Gradient and Value-based approaches are similar
@article{schulman2017equivalence,
  title={Equivalence between policy gradients and soft q-learning},
  author={Schulman, John and Chen, Xi and Abbeel, Pieter},
  journal={arXiv preprint arXiv:1704.06440},
  year={2017}
}

% TD3
@article{fujimoto2018addressing,
  title={Addressing function approximation error in actor-critic methods},
  author={Fujimoto, Scott and Van Hoof, Herke and Meger, David},
  journal={arXiv preprint arXiv:1802.09477},
  year={2018}
}

% Soft Q-learning
@article{haarnoja2017reinforcement,
  title={Reinforcement learning with deep energy-based policies},
  author={Haarnoja, Tuomas and Tang, Haoran and Abbeel, Pieter and Levine, Sergey},
  journal={arXiv preprint arXiv:1702.08165},
  year={2017}
}

% SAC
@article{haarnoja2018soft,
  title={Soft actor-critic: Off-policy maximum entropy deep reinforcement learning with a stochastic actor},
  author={Haarnoja, Tuomas and Zhou, Aurick and Abbeel, Pieter and Levine, Sergey},
  journal={arXiv preprint arXiv:1801.01290},
  year={2018}
}

% BANDITS-------------------------------------------------------------------------------------------

% MAB Book
@book{lattimore2020bandit,
  title={Bandit algorithms},
  author={Lattimore, Tor and Szepesv{\'a}ri, Csaba},
  year={2020},
  publisher={Cambridge University Press}
}

% Lai-Robbins
@article{lai1985asymptotically,
  title={Asymptotically efficient adaptive allocation rules},
  author={Lai, Tze Leung and Robbins, Herbert},
  journal={Advances in applied mathematics},
  volume={6},
  number={1},
  pages={4--22},
  year={1985},
  publisher={Academic Press}
}

% UCB
@article{auer2002finite,
  title={Finite-time analysis of the multiarmed bandit problem},
  author={Auer, Peter and Cesa-Bianchi, Nicolo and Fischer, Paul},
  journal={Machine learning},
  volume={47},
  number={2-3},
  pages={235--256},
  year={2002},
  publisher={Springer}
}

% Thompson Sampling
@article{thompson1933likelihood,
  title={On the likelihood that one unknown probability exceeds another in view of the evidence of two samples},
  author={Thompson, William R},
  journal={Biometrika},
  volume={25},
  number={3/4},
  pages={285--294},
  year={1933},
  publisher={JSTOR}
}

% Thompson Sampling is optimal
@inproceedings{kaufmann2012thompson,
  title={Thompson sampling: An asymptotically optimal finite-time analysis},
  author={Kaufmann, Emilie and Korda, Nathaniel and Munos, R{\'e}mi},
  booktitle={International conference on algorithmic learning theory},
  pages={199--213},
  year={2012},
  organization={Springer}
}

% Tutorial on Thompson Sampling, online shortest path example
@article{russo2017tutorial,
  title={A tutorial on thompson sampling},
  author={Russo, Daniel and Van Roy, Benjamin and Kazerouni, Abbas and Osband, Ian and Wen, Zheng},
  journal={arXiv preprint arXiv:1707.02038},
  year={2017}
}

% Bayes-adaptive MDP
@article{osband2013more,
  title={(More) efficient reinforcement learning via posterior sampling},
  author={Osband, Ian and Russo, Daniel and Van Roy, Benjamin},
  journal={arXiv preprint arXiv:1306.0940},
  year={2013}
}

% MODEL BASED--------------------------------------------------------------------------------------------------------

% World models
@article{ha2018world,
  title={World models},
  author={Ha, David and Schmidhuber, J{\"u}rgen},
  journal={arXiv preprint arXiv:1803.10122},
  year={2018}
}

% AlphaZero
@article{silver2018general,
  title={A general reinforcement learning algorithm that masters chess, shogi, and Go through self-play},
  author={Silver, David and Hubert, Thomas and Schrittwieser, Julian and Antonoglou, Ioannis and Lai, Matthew and Guez, Arthur and Lanctot, Marc and Sifre, Laurent and Kumaran, Dharshan and Graepel, Thore and others},
  journal={Science},
  volume={362},
  number={6419},
  pages={1140--1144},
  year={2018},
  publisher={American Association for the Advancement of Science}
}

% MuZero
@article{schrittwieser2019mastering,
  title={Mastering atari, go, chess and shogi by planning with a learned model},
  author={Schrittwieser, Julian and Antonoglou, Ioannis and Hubert, Thomas and Simonyan, Karen and Sifre, Laurent and Schmitt, Simon and Guez, Arthur and Lockhart, Edward and Hassabis, Demis and Graepel, Thore and others},
  journal={arXiv preprint arXiv:1911.08265},
  year={2019}
}

% LQR
@article{bemporad2002explicit,
  title={The explicit linear quadratic regulator for constrained systems},
  author={Bemporad, Alberto and Morari, Manfred and Dua, Vivek and Pistikopoulos, Efstratios N},
  journal={Automatica},
  volume={38},
  number={1},
  pages={3--20},
  year={2002},
  publisher={Elsevier}
}

%iLQR
@inproceedings{li2004iterative,
  title={Iterative linear quadratic regulator design for nonlinear biological movement systems.},
  author={Li, Weiwei and Todorov, Emanuel},
  booktitle={ICINCO (1)},
  pages={222--229},
  year={2004}
}

% INVERSE RL --------------------------------------------------------------------------------------------------------

% Maximum Entropy IRL
@inproceedings{ziebart2008maximum,
  title={Maximum entropy inverse reinforcement learning.},
  author={Ziebart, Brian D and Maas, Andrew L and Bagnell, J Andrew and Dey, Anind K},
  booktitle={Aaai},
  volume={8},
  pages={1433--1438},
  year={2008},
  organization={Chicago, IL, USA}
}

% Cost-guided Learning
@inproceedings{finn2016guided,
  title={Guided cost learning: Deep inverse optimal control via policy optimization},
  author={Finn, Chelsea and Levine, Sergey and Abbeel, Pieter},
  booktitle={International conference on machine learning},
  pages={49--58},
  year={2016}
}

% GAIL
@inproceedings{ho2016generative,
  title={Generative adversarial imitation learning},
  author={Ho, Jonathan and Ermon, Stefano},
  booktitle={Advances in neural information processing systems},
  pages={4565--4573},
  year={2016}
}

% GAIfO
@article{torabi2018generative,
  title={Generative adversarial imitation from observation},
  author={Torabi, Faraz and Warnell, Garrett and Stone, Peter},
  journal={arXiv preprint arXiv:1807.06158},
  year={2018}
}

% example: quadrocopter in the forest, just classification
@article{giusti2015machine,
  title={A machine learning approach to visual perception of forest trails for mobile robots},
  author={Giusti, Alessandro and Guzzi, J{\'e}r{\^o}me and Cire{\c{s}}an, Dan C and He, Fang-Lin and Rodr{\'\i}guez, Juan P and Fontana, Flavio and Faessler, Matthias and Forster, Christian and Schmidhuber, J{\"u}rgen and Di Caro, Gianni and others},
  journal={IEEE Robotics and Automation Letters},
  volume={1},
  number={2},
  pages={661--667},
  year={2015},
  publisher={IEEE}
}

% INTRINSIC MOTIVATION-----------------------------------------------------------------------------------------------

% Schmidhuber in 1991
@inproceedings{schmidhuber1991possibility,
  title={A possibility for implementing curiosity and boredom in model-building neural controllers},
  author={Schmidhuber, J{\"u}rgen},
  booktitle={Proc. of the international conference on simulation of adaptive behavior: From animals to animats},
  pages={222--227},
  year={1991}
}

% Schmidhuber's survey
@article{schmidhuber2010formal,
  title={Formal theory of creativity, fun, and intrinsic motivation (1990--2010)},
  author={Schmidhuber, J{\"u}rgen},
  journal={IEEE Transactions on Autonomous Mental Development},
  volume={2},
  number={3},
  pages={230--247},
  year={2010},
  publisher={IEEE}
}

% ICM
@inproceedings{pathak2017curiosity,
  title={Curiosity-driven exploration by self-supervised prediction},
  author={Pathak, Deepak and Agrawal, Pulkit and Efros, Alexei A and Darrell, Trevor},
  booktitle={Proceedings of the IEEE Conference on Computer Vision and Pattern Recognition Workshops},
  pages={16--17},
  year={2017}
}

% RND
@article{burda2018exploration,
  title={Exploration by random network distillation},
  author={Burda, Yuri and Edwards, Harrison and Storkey, Amos and Klimov, Oleg},
  journal={arXiv preprint arXiv:1810.12894},
  year={2018}
}

% SMIRL
@article{berseth2019smirl,
  title={SMiRL: Surprise Minimizing RL in Dynamic Environments},
  author={Berseth, Glen and Geng, Daniel and Devin, Coline and Finn, Chelsea and Jayaraman, Dinesh and Levine, Sergey},
  journal={arXiv preprint arXiv:1912.05510},
  year={2019}
}


% Multi-task RL---------------------------------------------------------------------------------------------------

% Intentional-Unintentional (random relabeling)
@article{cabi2017intentional,
  title={The intentional unintentional agent: Learning to solve many continuous control tasks simultaneously},
  author={Cabi, Serkan and Colmenarejo, Sergio G{\'o}mez and Hoffman, Matthew W and Denil, Misha and Wang, Ziyu and De Freitas, Nando},
  journal={arXiv preprint arXiv:1707.03300},
  year={2017}
}

% HER
@inproceedings{andrychowicz2017hindsight,
  title={Hindsight experience replay},
  author={Andrychowicz, Marcin and Wolski, Filip and Ray, Alex and Schneider, Jonas and Fong, Rachel and Welinder, Peter and McGrew, Bob and Tobin, Josh and Abbeel, OpenAI Pieter and Zaremba, Wojciech},
  booktitle={Advances in neural information processing systems},
  pages={5048--5058},
  year={2017}
}

% Agent57, meta-controller
@article{badia2020agent57,
  title={Agent57: Outperforming the atari human benchmark},
  author={Badia, Adri{\`a} Puigdom{\`e}nech and Piot, Bilal and Kapturowski, Steven and Sprechmann, Pablo and Vitvitskyi, Alex and Guo, Daniel and Blundell, Charles},
  journal={arXiv preprint arXiv:2003.13350},
  year={2020}
}

% Hindsight Relabeling: Abbeel
@article{li2020generalized,
  title={Generalized Hindsight for Reinforcement Learning},
  author={Li, Alexander C and Pinto, Lerrel and Abbeel, Pieter},
  journal={arXiv preprint arXiv:2002.11708},
  year={2020}
}

% Hindsight Relabeling: Levine
@article{eysenbach2020rewriting,
  title={Rewriting History with Inverse RL: Hindsight Inference for Policy Improvement},
  author={Eysenbach, Benjamin and Geng, Xinyang and Levine, Sergey and Salakhutdinov, Ruslan},
  journal={arXiv preprint arXiv:2002.11089},
  year={2020}
}

% HIERARCHICAL RL -------------------------------------------------------------------------------------

% Option-Critic
@inproceedings{bacon2017option,
  title={The option-critic architecture},
  author={Bacon, Pierre-Luc and Harb, Jean and Precup, Doina},
  booktitle={Thirty-First AAAI Conference on Artificial Intelligence},
  year={2017}
}

% FuN
@article{vezhnevets2017feudal,
  title={Feudal networks for hierarchical reinforcement learning},
  author={Vezhnevets, Alexander Sasha and Osindero, Simon and Schaul, Tom and Heess, Nicolas and Jaderberg, Max and Silver, David and Kavukcuoglu, Koray},
  journal={arXiv preprint arXiv:1703.01161},
  year={2017}
}

% HIRO
@inproceedings{nachum2018data,
  title={Data-efficient hierarchical reinforcement learning},
  author={Nachum, Ofir and Gu, Shixiang Shane and Lee, Honglak and Levine, Sergey},
  booktitle={Advances in neural information processing systems},
  pages={3303--3313},
  year={2018}
}

% Memory -----------------------------------------------------------------------------------------------

% PoMDP
@article{smallwood1973optimal,
  title={The optimal control of partially observable Markov processes over a finite horizon},
  author={Smallwood, Richard D and Sondik, Edward J},
  journal={Operations research},
  volume={21},
  number={5},
  pages={1071--1088},
  year={1973},
  publisher={INFORMS}
}

% NEC
@article{pritzel2017neural,
  title={Neural episodic control},
  author={Pritzel, Alexander and Uria, Benigno and Srinivasan, Sriram and Puigdomenech, Adria and Vinyals, Oriol and Hassabis, Demis and Wierstra, Daan and Blundell, Charles},
  journal={arXiv preprint arXiv:1703.01988},
  year={2017}
}

% Multi-Agent RL ---------------------------------------------------------------------------------------

% Adversarial policies
@article{gleave2019adversarial,
  title={Adversarial policies: Attacking deep reinforcement learning},
  author={Gleave, Adam and Dennis, Michael and Wild, Cody and Kant, Neel and Levine, Sergey and Russell, Stuart},
  journal={arXiv preprint arXiv:1905.10615},
  year={2019}
}

% QMix for cooperation
@article{rashid2018qmix,
  title={QMIX: Monotonic value function factorisation for deep multi-agent reinforcement learning},
  author={Rashid, Tabish and Samvelyan, Mikayel and De Witt, Christian Schroeder and Farquhar, Gregory and Foerster, Jakob and Whiteson, Shimon},
  journal={arXiv preprint arXiv:1803.11485},
  year={2018}
}

% MADDPG
@inproceedings{lowe2017multi,
  title={Multi-agent actor-critic for mixed cooperative-competitive environments},
  author={Lowe, Ryan and Wu, Yi I and Tamar, Aviv and Harb, Jean and Abbeel, OpenAI Pieter and Mordatch, Igor},
  booktitle={Advances in neural information processing systems},
  pages={6379--6390},
  year={2017}
}

% Communication (RIAL, DIAL)
@inproceedings{foerster2016learning,
  title={Learning to communicate with deep multi-agent reinforcement learning},
  author={Foerster, Jakob and Assael, Ioannis Alexandros and De Freitas, Nando and Whiteson, Shimon},
  booktitle={Advances in neural information processing systems},
  pages={2137--2145},
  year={2016}
}

% ENVIRONMENTS------------------------------------------------------------------------------------------

% Gym
@article{brockman2016openai,
  title={Openai gym},
  author={Brockman, Greg and Cheung, Vicki and Pettersson, Ludwig and Schneider, Jonas and Schulman, John and Tang, Jie and Zaremba, Wojciech},
  journal={arXiv preprint arXiv:1606.01540},
  year={2016}
}

% Unity ML Agents
@article{juliani2018unity,
  title={Unity: A general platform for intelligent agents},
  author={Juliani, Arthur and Berges, Vincent-Pierre and Vckay, Esh and Gao, Yuan and Henry, Hunter and Mattar, Marwan and Lange, Danny},
  journal={arXiv preprint arXiv:1809.02627},
  year={2018}
}

% Unity Tower Obstacle
@misc{juliani2019obstacle,
    title={Obstacle Tower: A Generalization Challenge in Vision, Control, and Planning},
    author={Arthur Juliani and Ahmed Khalifa and Vincent-Pierre Berges and Jonathan Harper and Ervin Teng and Hunter Henry and Adam Crespi and Julian Togelius and Danny Lange},
    year={2019},
    eprint={1902.01378},
    archivePrefix={arXiv},
    primaryClass={cs.AI}
}

% Mario
@misc{gym-super-mario-bros,
  author = {Christian Kauten},
  howpublished = {GitHub},
  title = {{S}uper {M}ario {B}ros for {O}pen{AI} {G}ym},
  URL = {https://github.com/Kautenja/gym-super-mario-bros},
  year = {2018},
}